    @BOOK{Pravidla,
      author =       "{Kolektiv autorù}",
      title =        "Pravidla èeského pravopisu",
      publisher =    "Academia",
      year =         "2005",
      note =         "ISBN~80-200-1327-X",
    }
    
    @BOOK{Knuth,
      author =       "Donald E. Knuth",
      title =        "The {\TeX}book",
      publisher =    "Addison-Wesley Publishing Company",
      year =         "1996",
      note =         "ISBN~0-201-13447-0",
    }
    
    @BOOK{Rybicka,
      author =       "Jiøí Rybièka",
      title =        "{\LaTeX} pro zaèáteèníky",
      publisher =    "Konvoj",
      year =         "1999",
      note =         "ISBN~80-85615-77-0",
    }

    @BOOK{Olsak,
      author =       "Petr Ol¹ák",
      title =        "{\TeX}book naruby",
      publisher =    "Konvoj",
      year =         "2001",
      note =         "ISBN~80-7302-0007-6",
    }

    @BOOK{Eikh,
      author =       "Victor Eikhout",
      title =        "{\TeX}by Topics, a {\TeX}nitian's Reference ",
      publisher =    "Addison-Wesley UK",
      year =         "2001",
      note =         "ISBN~0-201-56882-9",
    }

   @MISC{cstugWeb,
      author =       "{WWW stránky}",  
      title =        "Èeskoslovenské sdru¾ení u¾ivatelù {\TeX}u",
      howpublished=  "{\tt http://www.cstug.cz}",
   }

   @MISC{fitWeb,
      author =       "Z. Rábová and P. Hanáèek and P. Peringer and P. Pøikryl and B. Køena",  
      title =        "U¾iteèné rady pro psaní odborného textu [online]",
      publisher =    "FIT VUT v Brnì",
      year =         "2008-11-01 [cit. 2008-11-28]",
      howpublished=  "{\tt http://www.fit.vutbr.cz/info/statnice/psani\_textu.html}",
   }
   
   @book{macdonald2011html5,
	  title={HTML5: The Missing Manual},
	  author={MacDonald, M.},
	  year={2011},
	  publisher={O'Reilly Media, Inc.}
	}
	
	@book{pilgrim2010html5,
	  title={HTML5: up and running},
	  author={Pilgrim, M.},
	  year={2010},
	  publisher={Oreilly \& Associates Inc}
	}
	
	@book{lubbers2011pro,
	  title={Pro HTML5 Programming},
	  author={Lubbers, P. and Salim, F. and Albers, B.},
	  year={2011},
	  publisher={Apress}
	}
	
	@book{fulton2011html5,
	  title={HTML5 Canvas},
	  author={Fulton, S. and Fulton, J.},
	  year={2011},
	  publisher={O'Reilly Media, Inc.}
	}
	
	@book{flanagan2006javascript,
	  title={JavaScript: the definitive guide},
	  author={Flanagan, D.},
	  year={2006},
	  publisher={O'Reilly Media}
	}
	
	@book{cecco2011supercharged,
	  title={Supercharged JavaScript Graphics: With HTML5 Canvas, JQuery, and More},
	  author={Cecco, R.},
	  year={2011},
	  publisher={O'Reilly Media, Inc.}
	}

	@book{seidelin2011html5,
	  title={Html5 Games: Creating Fun with Html5, Css3, and Webgl},
	  author={Seidelin, J.},
	  year={2011},
	  publisher={Wiley}
	}
	
	@book{anyuru2012professional,
	  title={Professional WebGL Programming},
	  author={Anyuru, A.},
	  year={2012},
	  publisher={John Wiley \& Sons}
	}